@Book{AutonomousVehicles,
  title		  = {Autonomous Vehicles Intelligent Transport Systems
                  and Smart Technologies},
  date		  = 2014,
  year		  = 2014,
  editor	  = {Nicu Bizon and Lucian Dascalescu and Naser
                  Mahdavi Tabatabaei},
  publisher	  = {Nova Science Publishers},
  location	  = {New York},
}

@Book{VehicularNetworking,
  title		  = {Vehicular Networking. Automotive Applications and
                  Beyond},
  date		  = 2010,
  editor	  = {Marc Emmelmann and Bernd Bochow and
                  C. Christopher Kellum},
  publisher	  = {Wiley},
  isbn		  = 9780470741542,
  year		  = 2010
}

@Misc{ns3,
  title		  = {ns-3 Network Simulator},
  url		  = {https://www.nsnam.org/},
  year		  = {2011--2023}
}

@Misc{sumo,
  title		  = {Simulation of Urban MObility},
  year		  = {2001--2023},
  url		  = {https://sumo.dlr.de}
}

@Misc{ZIGBEE,
  title		  = {ZigBee Wireless Networks and Transceivers },
  URL		  = {www.zigbee.org}
}

%%% Local Variables:
%%% mode: bibtex
%%% coding: utf-8-unix
%%% End:


