@Article{RED1,
  author       = {S. Floyd and V. Jacobson},
  date         = {1993},
  journaltitle = {{IEEE}/{ACM} Transactions on Networking},
  title        = {Random Early Detection Gateways for Congestion Avoidance},
  doi          = {10.1109/90.251892},
  number       = {4},
  pages        = {397--413},
  volume       = {1},
  journal      = {{IEEE}/{ACM} Transactions on Networking},
  publisher    = {IEEE},
  year         = 1993,
}

@InProceedings{NS1,
  author  = {Floyd, Sally and Fall, Kevin},
  title   = {Ns Simulator Tests for Random Early Detection (RED) Queue Management},
  year    = {1997},
  month   = {4},
  comment = {документация по NS},
  date    = {1997-04-29},
  day     = {29},
  ranking = {rank1},
}

@InProceedings{NS2,
  OPTauthor   = {The VINT and Project},
  title    = {The VINT and Project. The ns Manual (formerly ns Notes and Documentation)},
  year     = {2011},
  month    = {11},
  date     = {2011-11-04},
  day      = {4},
}


@InProceedings{RED2,
  author       = {Abouzeid, Alhussein and Roy, Sumit},
  date         = {2002-11},
  title        = {{Modeling Random Early Detection in a differentiated services network}},
  doi          = {10.1016/S1389-1286(02)00295-5},
  editor       = {J. Roberts},
  number       = {4},
  pages        = {537--556},
  publisher    = {IEEE},
  volume       = {40},
  journaltitle = {Computer Networks},
  keywords     = {Random early detection, TCP, UDP, Differentiated services, Performance analysis, Network modeling},
  year         = {2002},
}

@Article{NLRED1,
  author       = {Kaiyu Zhou and Kwan L. Yeung and Victor O.K. Li},
  date         = {2006-05-17},
  journaltitle = {Computer Networks},
  title        = {Nonlinear {RED}: A simple yet efficient active queue management scheme},
  doi          = {10.1016/j.comnet.2006.04.007},
  editor       = {Chin-T. Lea},
  number       = {18},
  pages        = {3784--3794},
  volume       = {50},
  day          = {17},
  journal      = {Computer Networks},
  keywords     = {Active queue management, Nonlinear RED, Random early marking},
  month        = {dec},
  publisher    = {Elsevier {BV}},
  year         = {2006},
}

@InProceedings{NLRED2,
  author    = {Lingyun Lu and Yang Xiao and Seok Woo and Kiseon Kim},
  booktitle = {2008 Third International Conference on Convergence and Hybrid Information Technology},
  date      = {2008-11},
  title     = {Nonlinear {AQM} for Multiple {RED} Routers},
  doi       = {10.1109/iccit.2008.68},
  publisher = {{IEEE}},
  keywords  = {Active Queue Management (AQM), core router control, Multilayer network},
  month     = {nov},
  year      = {2008},
}

@Article{GRED,
  author       = {Nabhan Hamadneh and  Mouhammd Al-Kasassbeh and Ibrahim Obiedat and Mustafa BaniKhalaf},
  date         = {2019},
  journaltitle = {Journal of Communications},
  title        = {Revisiting the Gentle Parameter of the Random Early Detection ({RED}) for {TCP} Congestion Control},
  doi          = {10.12720/jcm.14.3.229-235},
  pages        = {229--235},
  journal      = {Journal of Communications},
  publisher    = {Engineering and Technology Publishing},
  year         = {2019},
}

@InProceedings{RARED,
  author    = {Kim, Tae-Hoon and Lee, Kee-Hyun},
  booktitle = {SICE-ICASE International Joint Conference 2006 Oct. 18-2 1, 2006 in Bexco, Busan, Korea},
  date      = {2006},
  title     = {{Refined Adaptive RED in TCP/IP Networks}},
  doi       = {10.1109/SICE.2006.314633},
  publisher = {{IEEE}},
  keywords  = {Congestion Control, Random Early Detection, Active Queue Management, TCP/IP},
}

@InProceedings{WRED,
  author    = {Hamadneh, Nabhan and Murray, David and Dixon, Michael and Cole, Peter},
  booktitle = {ICIEIS 2011},
  date      = {2011},
  title     = {Weighted RED (WTRED) Strategy for TCP Congestion Control},
  doi       = {10.1007/978-3-642-25453-6_37},
  editor    = {A. Abd and Manaf et al.},
  pages     = {421--434},
  publisher = {Springer},
  series    = {Part},
  volume    = {II},
  keywords  = {TCP Congestion, RED, AQM, WTRED},
  year      = {2011},
}

%%% Local Variables:
%%% mode: bibtex
%%% coding: utf-8-unix
%%% End:
