





%%% Local Variables:
%%% mode: bibtex
%%% coding: utf-8-unix
%%% End:


